
@misc{simbExec,
  title={{Symbolic Execution and Program Testing }},
  note={on-line at: \url{https://pdfs.semanticscholar.org/a29f/c90b207befb42f67a040c6a07ea6699f6bad.pdf}},
  author={James C. King, IBM Thomas J. Watson Research Center}
}


@misc{boundedMC,
  title={{Bounded model checking}},
  note={on-line at: \url{http://repository.cmu.edu/cgi/viewcontent.cgi?article=1458&context=compsci}},
  author={A. Biere A. Cimatti E. Clarke O. Strichman Y. Zhu}
}


@misc{klee,
  title={{KLEE: Unassisted and Automatic Generation of High Coverage Tests for Complex Systems Programs}},
  note={on-line at: \url{http://hci.stanford.edu/cstr/reports/2008-03.pdf}},
  author={C. Cadar D. Dunbar and D. Engler}
}

@misc{principles,
  title={{Principles of Model Checking}},
  note={on-line at: \url{http://is.ifmo.ru/books/_principles_of_model_checking.pdf}},
  author={Christel Baier and Joost-Pieter Katoen}
}
